@misc{Axios, title={Support delete body · ISSUE \#897 · Axios/Axios}, url={https://github.com/axios/axios/issues/897}, journal={GitHub}, author={Axios}} 

@misc{Ijaz, title={How to make delete requests with Axios?}, url={https://rapidapi.com/guides/delete-requests-axios}, journal={Rapid API Guides}, author={Ijaz, Ushna}} 
